@Article{bivand2021,
  title = {A Review of Software for Spatial Econometrics in {R}},
  author = {Roger Bivand and Giovanni Millo and Gianfranco Piras},
  journal = {Mathematics},
  year = {2021},
  volume = {9},
  number = {11},
  url = {https://www.mdpi.com/2227-7390/9/11/1276},
  doi = {10.3390/math9111276},
}
  
@misc{Furrer,
  title        = "Modeling Dependent Data: An Excursion",
  author       = "Reinhard Furrer and the Applied Statistics Group",
  howpublished = "\url{http://user.math.uzh.ch/furrer/download/sta330/script_sta330.pdf}",
  year         = 2021,
  note         = "Accessed: 2021-11-19"
}